%% This BibTeX bibliography file was created using BibDesk.
%% http://bibdesk.sourceforge.net/


%% Created for David Larson at 2013-01-23 22:46:48 -0800 


%% Saved with string encoding Unicode (UTF-8) 



@incollection{t-logistic,
	Author = {Nan Ding and S.V.N. Vishwanathan},
	Booktitle = {Advances in Neural Information Processing Systems 23},
	Editor = {J. Lafferty and C. K. I. Williams and J. Shawe-Taylor and R.S. Zemel and A. Culotta},
	Pages = {514--522},
	Title = {t-logistic regression},
	Year = {2010}}

@misc{minFunc,
	Author = {Mark Schmidt},
	Url = {http://www.di.ens.fr/~mschmidt/},
	Bdsk-Url-1 = {http://www.di.ens.fr/~mschmidt/}}


@INPROCEEDINGS{Kinect, 
    author={Janoch, A. and Karayev, S. and Yangqing Jia and Barron, J.T. and Fritz, M. and Saenko, K. and Darrell, T.}, 
    booktitle={Computer Vision Workshops (ICCV Workshops), 2011 IEEE International Conference on}, title={A category-level 3-D object dataset: Putting the Kinect to work}, 
    year={2011}, 
    month={nov.}, 
    volume={}, 
    number={}, 
    pages={1168 -1174}, 
    keywords={Cameras;Detectors;Keyboards;Mice;Robot sensing systems;Shape;Three dimensional displays;image colour analysis;image sensors;object detection;Microsoft Kinect;category variation;category-level 3D object detection;color image pair;crowd-sourced collection effort;depth image pair;depth sensor;instance variation;scene variation;viewpoint variation;}, 
    doi={10.1109/ICCVW.2011.6130382}, 
    ISSN={},
}


@article{solar,
title = "Assessment of forecasting techniques for solar power production with no exogenous inputs",
journal = "Solar Energy",
volume = "86",
number = "7",
pages = "2017 - 2028",
year = "2012",
note = "",
issn = "0038-092X",
doi = "10.1016/j.solener.2012.04.004",
url = "http://www.sciencedirect.com/science/article/pii/S0038092X12001429",
author = "Hugo T.C. Pedro and Carlos F.M. Coimbra",
keywords = "Solar forecasting",
keywords = "Solar energy",
keywords = "Regression analysis",
keywords = "Stochastic learning"
}

