@incollection{NIPS2010_0177,
 title = {t-logistic regression},
 author = {Nan Ding and S.V.N. Vishwanathan},
 booktitle = {Advances in Neural Information Processing Systems 23},
 editor = {J. Lafferty and C. K. I. Williams and J. Shawe-Taylor and R.S. Zemel and A. Culotta},
 pages = {514--522},
 year = {2010}
}
